<?xml version="1.0" encoding="UTF-8"?><collection xmlns="http://www.loc.gov/MARC21/slim"><record><leader>00324nam--2200133-i-4500</leader><controlfield tag="001">000016102</controlfield><controlfield tag="002">20161230</controlfield><controlfield tag="005">20161230201031</controlfield><controlfield tag="008">060222s1000------------r-----000-0-eng-d</controlfield><datafield ind1=" " ind2=" " tag="020"><subfield code="a">PROCEEDING</subfield></datafield><datafield ind1=" " ind2=" " tag="100"><subfield code="a">Hadzi, D</subfield></datafield><datafield ind1=" " ind2=" " tag="245"><subfield code="a">Osredkar, m</subfield></datafield><datafield ind1=" " ind2=" " tag="490"><subfield code="a">Amsterdam, North-holland Publ. Co., 1967. Xv + 1214 P</subfield></datafield><datafield ind1=" " ind2=" " tag="700"><subfield code="a">Blinc, R</subfield></datafield></record></collection>